<record><leader>00000cas a2200000 a 4500</leader><controlfield tag="001">11586882</controlfield><controlfield tag="008">850116d18811892ksuwr ne      0   a0eng d</controlfield><datafield ind1=" " ind2=" " tag="010"><subfield code="a">sn 84030453 </subfield></datafield><datafield ind1=" " ind2=" " tag="040"><subfield code="a">KSH</subfield><subfield code="b">eng</subfield><subfield code="c">KSH</subfield><subfield code="d">NPT</subfield><subfield code="d">OCL</subfield><subfield code="d">OCLCQ</subfield></datafield><datafield ind1=" " ind2=" " tag="042"><subfield code="a">msc</subfield></datafield><datafield ind1="0" ind2=" " tag="130"><subfield code="a">Halstead independent (Halstead, Kan. : 1881)</subfield></datafield><datafield ind1="1" ind2="4" tag="245"><subfield code="a">The Halstead independent.</subfield></datafield><datafield ind1=" " ind2=" " tag="260"><subfield code="a">Halstead, Kan. :</subfield><subfield code="b">Joe F. White,</subfield><subfield code="c">1881-1892.</subfield></datafield><datafield ind1=" " ind2=" " tag="300"><subfield code="a">12 v. :</subfield><subfield code="b">ill. ;</subfield><subfield code="c">43-60 cm.</subfield></datafield><datafield ind1=" " ind2=" " tag="310"><subfield code="a">Weekly</subfield></datafield><datafield ind1="0" ind2=" " tag="362"><subfield code="a">Vol. 1, no. 1 (Apr. 29, 1881)-v. 12, no. 14 (July 29, 1892).</subfield></datafield><datafield ind1=" " ind2=" " tag="500"><subfield code="a">Publisher varies.</subfield></datafield><datafield ind1=" " ind2=" " tag="515"><subfield code="a">Vol. numbering is irregular: v. 7 repeats.</subfield></datafield><datafield ind1=" " ind2=" " tag="525"><subfield code="a">Includes supplements.</subfield></datafield><datafield ind1=" " ind2=" " tag="752"><subfield code="a">United States</subfield><subfield code="b">Kansas</subfield><subfield code="c">Harvey</subfield><subfield code="d">Halstead.</subfield></datafield><datafield ind1="0" ind2="0" tag="780"><subfield code="t">Burrton telephone</subfield><subfield code="w">(DLC)sn 84030447</subfield></datafield><datafield ind1="0" ind2="5" tag="780"><subfield code="t">Halstead herald (Halstead, Kan. : Weekly)</subfield><subfield code="g">Dec. 13, 1888</subfield><subfield code="w">(DLC)sn 84030452</subfield></datafield><datafield ind1="0" ind2="7" tag="785"><subfield code="t">Halstead tribune</subfield><subfield code="w">(DLC)sn 84030456</subfield></datafield><datafield ind1="0" ind2="7" tag="785"><subfield code="t">Halstead independent tribune</subfield><subfield code="w">(DLC)sn 84030459</subfield></datafield></record>